@article{arnold2020impa,
   author = {Arnold, Nathan P. and Putman, William M. and Freitas, Saulo R.},
   title = {Impact of Resolution and Parameterized Convection on the Diurnal Cycle of Precipitation in a Global Nonhydrostatic Model},
   journal = {Journal of the Meteorological Society of Japan. Ser. II},
   volume = {98},
   number = {6},
   pages = {1279-1304},
   DOI = {https://doi.org/10.2151/jmsj.2020-066},
   year = {2020},
   type = {Journal Article}
}

@article{baba2014depe,
   author = {Baba, Y. and Takahashi, K.},
   title = {Dependency of stratiform precipitation on a two-moment cloud microphysical scheme in mid-latitude squall line},
   journal = {Atmospheric Research},
   volume = {138},
   pages = {394-413},
   DOI = {https://doi.org/10.1016/j.atmosres.2013.12.009},
   year = {2014},
   type = {Journal Article}
}

@article{baldauf2011oper,
   author = {Baldauf, M. and Seifert, A. and Forstner, J. and Majewski, D. and Raschendorfer, M. and Reinhardt, T.},
   title = {Operational Convective-Scale Numerical Weather Prediction with the COSMO Model: Description and Sensitivities},
   journal = {Monthly Weather Review},
   volume = {139},
   number = {12},
   pages = {3887-3905},
   DOI = {https://doi.org/10.1175/Mwr-D-10-05013.1},
   year = {2011},
   type = {Journal Article}
}

@article{bauer2015theq,
   author = {Bauer, P. and Thorpe, A. and Brunet, G.},
   title = {The quiet revolution of numerical weather prediction},
   journal = {Nature},
   volume = {525},
   number = {7567},
   pages = {47-55},
   DOI = {https://doi.org/10.1038/nature14956},
   year = {2015},
   type = {Journal Article}
}

@article{bigg1953thes,
   author = {Bigg, E. K.},
   title = {The Supercooling of Water},
   journal = {Proceedings of the Physical Society of London Section B},
   volume = {66},
   number = {404},
   pages = {688-694},
   DOI = {https://doi.org/10.1088/0370-1301/66/8/309},
   year = {1953},
   type = {Journal Article}
}

@article{boucher1995thes,
   author = {Boucher, Olivier and Lohmann, Ulrike},
   title = {The sulfate-CCN-cloud albedo effect},
   journal = {Tellus B},
   volume = {47},
   number = {3},
   pages = {281-300},
   doi = {https://doi.org/10.1034/j.1600-0889.47.issue3.1.x},
   year = {1995}
}

@article{chen2011ther,
   author = {Chen, Jan-Huey and Lin, Shian-Jiann},
   title = {The remarkable predictability of inter-annual variability of Atlantic hurricanes during the past decade},
   journal = {Geophysical Research Letters},
   volume = {38},
   number = {11},
   pages = {L11804},
   doi = {https://doi.org/10.1029/2011GL047629},
   year = {2011}
}

@article{chen2013seas,
   author = {Chen, J. H. and Lin, S. J.},
   title = {Seasonal Predictions of Tropical Cyclones Using a 25-km-Resolution General Circulation Model},
   journal = {Journal of Climate},
   volume = {26},
   number = {2},
   pages = {380-398},
   DOI = {https://doi.org/10.1175/Jcli-D-12-00061.1},
   year = {2013},
   type = {Journal Article}
}

@article{chen2019adva,
   author = {Chen, Jan-Huey and Lin, Shian-Jiann and Magnusson, Linus and Bender, Morris and Chen, Xi and Zhou, Linjiong and Xiang, Baoqiang and Rees, Shannon and Morin, Matthew and Harris, Lucas},
   title = {Advancements in Hurricane Prediction With NOAA's Next-Generation Forecast System},
   journal = {Geophysical Research Letters},
   volume = {46},
   number = {8},
   pages = {4495-4501},
   doi = {https://doi.org/10.1029/2019GL082410},
   year = {2019}
}

@article{chen2019eval,
   author = {Chen, Jan-Huey and Lin, Shian-Jiann and Zhou, Linjiong and Chen, Xi and Rees, Shannon and Bender, Morris and Morin, Matthew},
   title = {Evaluation of Tropical Cyclone Forecasts in the Next Generation Global Prediction System},
   journal = {Monthly Weather Review},
   volume = {147},
   number = {9},
   pages = {3409-3428},
   DOI = {https://doi.org/10.1175/MWR-D-18-0227.1},
   year = {2019},
   type = {Journal Article}
}

@inbook{cooper1986icei,
   author = {Cooper, William A.},
   title = {Ice Initiation in Natural Clouds},
   booktitle = {Precipitation Enhancement—A Scientific Challenge},
   editor = {Braham, Roscoe R. and Cooper, William A. and Cotton, William R. and Elliot, Robert D. and Flueck, John A. and Fritsch, J. Michael and Gagin, Abraham and Grant, Lewis O. and Heymsfield, Andrew J. and Hill, Geoffrey E. and Isaac, George A. and Marwitz, John D. and Orville, Harold D. and Rangno, Arthur L. and Silverman, Bernard A. and Smith, Paul L.},
   publisher = {American Meteorological Society},
   address = {Boston, MA},
   chapter = {Chapter 4},
   pages = {29-32},
   DOI = {https://doi.org/10.1007/978-1-935704-17-1_4},
   year = {1986},
   type = {Book Section}
}

@article{cotton1986nume,
   author = {Cotton, W. R. and Tripoli, G. J. and Rauber, R. M. and Mulvihill, E. A.},
   title = {Numerical-Simulation of the Effects of Varying Ice Crystal Nucleation Rates and Aggregation Processes on Orographic Snowfall},
   journal = {Journal of Climate and Applied Meteorology},
   volume = {25},
   number = {11},
   pages = {1658-1680},
   DOI = {https://doi.org/10.1175/1520-0450(1986)025<1658:Nsoteo>2.0.Co;2},
   year = {1986},
   type = {Journal Article}
}

@article{court1986comm,
   author = {Court, Arnold},
   title = {Comment on paper ‘A new formula for latent heat of vaporization of water as a function of temperature’, by B. Henderson-Sellers (1984, 110, 1186–1190)},
   journal = {Quarterly Journal of the Royal Meteorological Society},
   volume = {112},
   number = {471},
   pages = {283-284},
   DOI = {https://doi.org/10.1002/qj.49711247117},
   year = {1986},
   type = {Journal Article}
}

@article{dawson2010comp,
   author = {Dawson, Daniel T. and Xue, Ming and Milbrandt, Jason A. and Yau, M. K.},
   title = {Comparison of Evaporation and Cold Pool Development between Single-Moment and Multimoment Bulk Microphysics Schemes in Idealized Simulations of Tornadic Thunderstorms},
   journal = {Monthly Weather Review},
   volume = {138},
   number = {4},
   pages = {1152-1171},
   DOI = {https://doi.org/10.1175/2009mwr2956.1},
   year = {2010},
   type = {Journal Article}
}

@article{deng2008cirr,
   author = {Deng, M. and Mace, G. G.},
   title = {Cirrus cloud microphysical properties and air motion statistics using cloud radar Doppler moments: Water content, particle size, and sedimentation relationships},
   journal = {Geophysical Research Letters},
   volume = {35},
   number = {17},
   pages = {L17808},
   DOI = {https://doi.org/10.1029/2008gl035054},
   year = {2008},
   type = {Journal Article}
}

@article{donner1997larg,
   author = {Donner, L. J. and Seman, C. J. and Soden, B. J. and Hemler, R. S. and Warren, J. C. and Strom, J. and Liou, K. N.},
   title = {Large-scale ice clouds in the GFDL SKYHI general circulation model},
   journal = {Journal of Geophysical Research-Atmospheres},
   volume = {102},
   number = {D18},
   pages = {21745-21768},
   DOI = {https://doi.org/10.1029/97jd01488},
   year = {1997},
   type = {Journal Article}
}

@article{dong2020thee,
   author = {Dong, Jili and Liu, Bin and Zhang, Zhan and Wang, Weiguo and Mehra, Avichal and Hazelton, Andrew T. and Winterbottom, Henry R. and Zhu, Lin and Wu, Keqin and Zhang, Chunxi and Tallapragada, Vijay and Zhang, Xuejin and Gopalakrishnan, Sundararaman and Marks, Frank},
   title = {The Evaluation of Real-Time Hurricane Analysis and Forecast System (HAFS) Stand-Alone Regional (SAR) Model Performance for the 2019 Atlantic Hurricane Season},
   journal = {Atmosphere},
   volume = {11},
   number = {617},
   pages = {1-16},
   DOI = {https://doi.org/10.3390/atmos11060617},
   year = {2020},
   type = {Journal Article}
}

@article{dudhia1989nume,
   author = {Dudhia, J.},
   title = {Numerical Study of Convection Observed during the Winter Monsoon Experiment Using a Mesoscale Two-Dimensional Model},
   journal = {Journal of the Atmospheric Sciences},
   volume = {46},
   number = {20},
   pages = {3077-3107},
   DOI = {https://doi.org/10.1175/1520-0469(1989)046<3077:Nsocod>2.0.Co;2},
   year = {1989},
   type = {Journal Article}
}

@book{emanuel1994atmo,
   author = {Emanuel, Kerry A.},
   title = {Atmospheric convection},
   publisher = {Oxford University Press},
   address = {New York},
   pages = {x, 580 p.},
   year = {1994},
   type = {Book}
}

@book{fletcher1962thep,
   author = {Fletcher, N. H. and Squires, P. and Bowen, E. G.},
   title = {The Physics of Rainclouds},
   publisher = {University Press},
   address = {New York},
   pages = {386 p.},
   year = {1962},
   type = {Book}
}

@article{fu2007anew,
   author = {Fu, Q.},
   title = {A new parameterization of an asymmetry factor of cirrus clouds for climate models},
   journal = {Journal of the Atmospheric Sciences},
   volume = {64},
   number = {11},
   pages = {4140-4150},
   DOI = {https://doi.org/10.1175/2007jas2289.1},
   year = {2007},
   type = {Journal Article}
}

@article{gao2017impa,
   author = {Gao, Kun and Chen, Jan-Huey and Harris, Lucas M. and Lin, Shian-Jiann and Xiang, Baoqiang and Zhao, Ming},
   title = {Impact of Intraseasonal Oscillations on the Tropical Cyclone Activity Over the Gulf of Mexico and Western Caribbean Sea in GFDL HiRAM},
   journal = {Journal of Geophysical Research: Atmospheres},
   volume = {122},
   number = {24},
   pages = {13,125-13,137},
   doi = {https://doi.org/10.1002/2017JD027756},
   year = {2017}
}

@article{gao2019impr,
   author = {Gao, Kun and Harris, Lucas and Chen, Jan-Huey and Lin, Shian-Jiann and Hazelton, Andrew},
   title = {Improving AGCM Hurricane Structure With Two-Way Nesting},
   journal = {Journal of Advances in Modeling Earth Systems},
   volume = {11},
   number = {1},
   pages = {278-292},
   doi = {https://doi.org/10.1029/2018MS001359},
   year = {2019}
}

@article{gultepe2007clou,
   author = {Gultepe, I. and Isaac, G. A.},
   title = {Cloud fraction parameterization as a function of mean cloud water content and its variance using in-situ observations},
   journal = {Geophysical Research Letters},
   volume = {34},
   number = {7},
   pages = {L07801},
   DOI = {https://doi.org/10.1029/2006gl028223},
   year = {2007},
   type = {Journal Article}
}

@article{harris2016high,
   author = {Harris, L. M. and Lin, S. J. and Tu, C. Y.},
   title = {High-Resolution Climate Simulations Using GFDL HiRAM with a Stretched Global Grid},
   journal = {Journal of Climate},
   volume = {29},
   number = {11},
   pages = {4293-4314},
   DOI = {https://doi.org/10.1175/Jcli-D-15-0389.1},
   year = {2016},
   type = {Journal Article}
}

@article{harris2019expl,
   author = {Harris, Lucas M. and Rees, Shannon L. and Morin, Matthew and Zhou, Linjiong and Stern, William F.},
   title = {Explicit Prediction of Continental Convection in a Skillful Variable-Resolution Global Model},
   journal = {Journal of Advances in Modeling Earth Systems},
   volume = {11},
   number = {6},
   pages = {1847-1869},
   doi = {https://doi.org/10.1029/2018MS001542},
   year = {2019},
   type = {Journal Article}
}

@article{harris2020gfdl,
   author = {Harris, Lucas and Zhou, Linjiong and Lin, Shian‐Jiann and Chen, Jan‐Huey and Chen, Xi and Gao, Kun and Morin, Matthew and Rees, Shannon and Sun, Yongqiang and Tong, Mingjing and Xiang, Baoqiang and Bender, Morris and Benson, Rusty and Cheng, Kai‐Yuan and Clark, Spencer and Elbert, Oliver D. and Hazelton, Andrew and Huff, J. Jacob and Kaltenbaugh, Alex and Liang, Zhi and Marchok, Timothy and Shin, Hyeyum Hailey and Stern, William},
   title = {GFDL SHiELD: A Unified System for Weather‐to‐Seasonal Prediction},
   journal = {Journal of Advances in Modeling Earth Systems},
   volume = {12},
   number = {10},
   pages = {e2020MS002223},
   DOI = {https://doi.org/10.1029/2020ms002223},
   year = {2020},
   type = {Journal Article}
}

@techreport{harris2021asci,
   author = {Harris, L. and Chen, X. and Putman, W. and Zhou, L. and Chen, J.},
   title = {A Scientifc Description of the GFDL Finite-Volume Cubed-Sphere Dynamical Core},
   publisher = {Geophysical Fluid Dynamics Laboratory},
   DOI = {https://doi.org/10.25923/6nhs-5897},
   url = {https://repository.library.noaa.gov/view/noaa/30725},
   year = {2021},
}

@article{hazelton2021unde,
   author = {Hazelton, Andrew and Alaka, Ghassan J. and Cowan, Levi and Fischer, Michael and Gopalakrishnan, Sundararaman},
   title = {Understanding the Processes Causing the Early Intensification of Hurricane Dorian through an Ensemble of the Hurricane Analysis and Forecast System (HAFS)},
   journal = {Atmosphere},
   volume = {12},
   number = {93},
   pages = {2-26},
   DOI = {https://doi.org/10.3390/atmos12010093},
   year = {2021},
   type = {Journal Article}
}

@article{he2019casf,
   author = {He, Bian and Bao, Qing and Wang, Xiaocong and Zhou, Linjiong and Wu, Xiaofei and Liu, Yimin and Wu, Guoxiong and Chen, Kangjun and He, Sicheng and Hu, Wenting and Li, Jiandong and Li, Jinxiao and Nian, Guokui and Wang, Lei and Yang, Jing and Zhang, Minghua and Zhang, Xiaoqi},
   title = {CAS FGOALS-f3-L Model Datasets for CMIP6 Historical Atmospheric Model Intercomparison Project Simulation},
   journal = {Advances in Atmospheric Sciences},
   volume = {36},
   number = {8},
   pages = {771-778},
   DOI = {https://doi.org/10.1007/s00376-019-9027-8},
   year = {2019},
   type = {Journal Article}
}

@article{henderson1984anew,
   author = {Henderson-Sellers, B.},
   title = {A new formula for latent heat of vaporization of water as a function of temperature},
   journal = {Quarterly Journal of the Royal Meteorological Society},
   volume = {110},
   number = {466},
   pages = {1186-1190},
   DOI = {https://doi.org/10.1002/qj.49711046626},
   year = {1984},
   type = {Journal Article}
}

@article{heymsfield1990asch,
   author = {Heymsfield, A. J. and Donner, L. J.},
   title = {A Scheme for Parameterizing Ice-Cloud Water-Content in General-Circulation Models},
   journal = {Journal of the Atmospheric Sciences},
   volume = {47},
   number = {15},
   pages = {1865-1877},
   DOI = {https://doi.org/10.1175/1520-0469(1990)047<1865:Asfpic>2.0.Co;2},
   year = {1990},
   type = {Journal Article}
}

@article{heymsfield1996high,
   author = {Heymsfield, A. J. and McFarquhar, G. M.},
   title = {High albedos of cirrus in the tropical Pacific warm pool: Microphysical interpretations from CEPEX and from Kwajalein, Marshall islands},
   journal = {Journal of the Atmospheric Sciences},
   volume = {53},
   number = {17},
   pages = {2424-2451},
   DOI = {https://doi.org/10.1175/1520-0469(1996)053<2424:Haocit>2.0.Co;2},
   year = {1996},
   type = {Journal Article}
}

@article{hong2004arev,
   author = {Hong, S. Y. and Dudhia, J. and Chen, S. H.},
   title = {A revised approach to ice microphysical processes for the bulk parameterization of clouds and precipitation},
   journal = {Monthly Weather Review},
   volume = {132},
   number = {1},
   pages = {103-120},
   DOI = {https://doi.org/10.1175/1520-0493(2004)132<0103:Aratim>2.0.Co;2},
   year = {2004},
   type = {Journal Article}
}

@article{hong2006thew,
   author = {Hong, S. Y. and Lim, J. O. J.},
   title = {The WRF Single-Moment 6-Class Microphysics Scheme (WSM6)},
   journal = {Asia-Pacific Journal of Atmospheric Sciences},
   volume = {42},
   number = {2},
   pages = {129-151},
   url = {http://www.dbpia.co.kr/Article/NODE00937254},
   year = {2006},
   type = {Journal Article}
}

@book{houze2014clou,
   author = {Houze, Robert A.},
   title = {Cloud dynamics},
   publisher = {Academic Press is an imprint of Elsevier},
   address = {Amsterdam ; New York},
   edition = {Second edition.},
   pages = {xxiii, 432 pages},
   year = {2014},
   type = {Book}
}

@article{igel2015make,
   author = {Igel, Adele L. and Igel, Matthew R. and van den Heever, Susan C.},
   title = {Make It a Double? Sobering Results from Simulations Using Single-Moment Microphysics Schemes},
   journal = {Journal of the Atmospheric Sciences},
   volume = {72},
   number = {2},
   pages = {910-925},
   DOI = {https://doi.org/10.1175/jas-d-14-0107.1},
   year = {2015},
   type = {Journal Article}
}

@article{jakob2000apar,
   author = {Jakob, C. and Klein, S. A.},
   title = {A parametrization of the effects of cloud and precipitation overlap for use in general-circulation models},
   journal = {Quarterly Journal of the Royal Meteorological Society},
   volume = {126},
   number = {568},
   pages = {2525-2544},
   DOI = {https://doi.org/10.1256/smsqj.56808},
   year = {2000},
   type = {Journal Article}
}

@article{jeevanjee2017vert,
   author = {Jeevanjee, N.},
   title = {Vertical Velocity in the Gray Zone},
   journal = {Journal of Advances in Modeling Earth Systems},
   volume = {9},
   number = {6},
   pages = {2304-2316},
   DOI = {https://doi.org/10.1002/2017ms001059},
   year = {2017},
   type = {Journal Article}
}

@article{jeevanjee2022onth,
   author = {Jeevanjee, Nadir and Zhou, Linjiong},
   title = {On the resolution‐dependence of anvil cloud fraction and precipitation efficiency in radiative‐convective equilibrium},
   journal = {Journal of Advances in Modeling Earth Systems},
   volume = {14},
   number = {3},
   pages = {e2021MS002759},
   DOI = {https://doi.org/10.1029/2021ms002759},
   year = {2022},
   type = {Journal Article}
}

@article{jin2014thei,
   author = {Jin, Yi and Wang, Shouping and Nachamkin, Jason and Doyle, James D. and Thompson, Gregory and Grasso, Lewis and Holt, Teddy and Moskaitis, Jon and Jin, Hao and Hodur, Richard M. and Zhao, Qingyun and Liu, Ming and DeMaria, Mark},
   title = {The Impact of Ice Phase Cloud Parameterizations on Tropical Cyclone Prediction},
   journal = {Monthly Weather Review},
   volume = {142},
   number = {2},
   pages = {606-625},
   DOI = {https://doi.org/10.1175/mwr-d-13-00058.1},
   year = {2014},
   type = {Journal Article}
}

@article{jung2012ense,
   author = {Jung, Y. S. and Xue, M. and Tong, M. J.},
   title = {Ensemble Kalman Filter Analyses of the 29-30 May 2004 Oklahoma Tornadic Thunderstorm Using One- and Two-Moment Bulk Microphysics Schemes, with Verification against Polarimetric Radar Data},
   journal = {Monthly Weather Review},
   volume = {140},
   number = {5},
   pages = {1457-1475},
   DOI = {https://doi.org/10.1175/Mwr-D-11-00032.1},
   year = {2012},
   type = {Journal Article}
}

@book{khain2018phys,
   author = {Khain, Alexander P. and Pinsky, Mark},
   title = {Physical Processes in Clouds and Cloud Modeling},
   publisher = {Cambridge University Press},
   address = {Cambridge},
   DOI = {https://doi.org/10.1017/9781139049481},
   year = {2018},
   type = {Book}
}

@article{kiehl1994sens,
   author = {Kiehl, J. T.},
   title = {Sensitivity of a Gcm Climate Simulation to Differences in Continental Versus Maritime Cloud Drop Size},
   journal = {Journal of Geophysical Research-Atmospheres},
   volume = {99},
   number = {D11},
   pages = {23107-23115},
   DOI = {https://doi.org/10.1029/94jd01117},
   year = {1994},
   type = {Journal Article}
}

@article{klein1999vali,
   author = {Klein, S. A. and Jakob, C.},
   title = {Validation and sensitivities of frontal clouds simulated by the ECMWF model},
   journal = {Monthly Weather Review},
   volume = {127},
   number = {10},
   pages = {2514-2531},
   DOI = {https://doi.org/10.1175/1520-0493(1999)127<2514:Vasofc>2.0.Co;2},
   year = {1999},
   type = {Journal Article}
}

@article{knutson2007simu,
   author = {Knutson, T. R. and Sirutis, J. J. and Garner, S. T. and Held, I. M. and Tuleya, R. E.},
   title = {Simulation of the recent multidecadal increase of Atlantic hurricane activity using an 18-km-grid regional model},
   journal = {Bulletin of the American Meteorological Society},
   volume = {88},
   number = {10},
   pages = {1549-1565},
   DOI = {https://doi.org/10.1175/Bams-88-10-1549},
   year = {2007},
   type = {Journal Article}
}

@article{knutson2008simu,
   author = {Knutson, Thomas R. and Sirutis, Joseph J. and Garner, Stephen T. and Vecchi, Gabriel A. and Held, Isaac M.},
   title = {Simulated reduction in Atlantic hurricane frequency under twenty-first-century warming conditions},
   journal = {Nature Geosci},
   volume = {1},
   number = {6},
   pages = {359-364},
   DOI = {https://doi.org/10.1038/ngeo202},
   year = {2008},
   type = {Journal Article}
}

@article{kogan2013acum,
   author = {Kogan, Y.},
   title = {A Cumulus Cloud Microphysics Parameterization for Cloud-Resolving Models},
   journal = {Journal of the Atmospheric Sciences},
   volume = {70},
   number = {5},
   pages = {1423-1436},
   DOI = {https://doi.org/10.1175/Jas-D-12-0183.1},
   year = {2013},
   type = {Journal Article}
}

@article{kristjansson2000impa,
   author = {Kristjansson, J. E. and Edwards, J. M. and Mitchell, D. L.},
   title = {Impact of a new scheme for optical properties of ice crystals on climates of two GCMs},
   journal = {Journal of Geophysical Research: Atmospheres},
   volume = {105},
   number = {D8},
   pages = {10063-10079},
   DOI = {https://doi.org/10.1029/2000jd900015},
   year = {2000},
   type = {Journal Article}
}

@article{krueger1995impr,
   author = {Krueger, S. K. and Fu, Q. A. and Liou, K. N. and Chin, H. N. S.},
   title = {Improvements of an Ice-Phase Microphysics Parameterization for Use in Numerical Simulations of Tropical Convection},
   journal = {Journal of Applied Meteorology},
   volume = {34},
   number = {1},
   pages = {281-287},
   DOI = {https://doi.org/10.1175/1520-0450-34.1.281},
   year = {1995},
   type = {Journal Article}
}

@book{lamb2011phys,
   author = {Lamb, Dennis and Verlinde, Johannes},
   title = {Physics and chemistry of clouds},
   publisher = {Cambridge University Press},
   address = {Cambridge ; New York},
   pages = {xiv, 584 p.},
   year = {2011},
   type = {Book}
}

@article{letrent1991sens,
   author = {Le Trent, Herve and Li, Zhao-Xin},
   title = {Sensitivity of an atmospheric general circulation model to prescribed SST changes: feedback effects associated with the simulation of cloud optical properties},
   journal = {Climate Dynamics},
   volume = {5},
   number = {3},
   pages = {175-187},
   DOI = {https://doi.org/10.1007/bf00251808},
   year = {1991},
   type = {Journal Article}
}

@article{li2019eval,
   author = {Li, Jinxiao and Bao, Qing and Liu, Yimin and Wu, Guoxiong and Wang, Lei and He, Bian and Wang, Xiaocong and Li, Jiandong},
   title = {Evaluation of FAMIL2 in Simulating the Climatology and Seasonal‐to‐Interannual Variability of Tropical Cyclone Characteristics},
   journal = {Journal of Advances in Modeling Earth Systems},
   volume = {11},
   number = {4},
   pages = {1117-1136},
   DOI = {https://doi.org/10.1029/2018ms001506},
   year = {2019},
   type = {Journal Article}
}

@article{lin1994acla,
   author = {Lin, Shian-Jiann and Chao, Winston C. and Sud, Y. C. and Walker, G. K.},
   title = {A Class of the van Leer-type Transport Schemes and Its Application to the Moisture Transport in a General Circulation Model},
   journal = {Monthly Weather Review},
   volume = {122},
   number = {7},
   pages = {1575-1593},
   DOI = {https://doi.org/10.1175/1520-0493(1994)122<1575:Acotvl>2.0.Co;2},
   year = {1994},
   type = {Journal Article}
}

@article{lin1983bulk,
   author = {Lin, Y. L. and Farley, R. D. and Orville, H. D.},
   title = {Bulk Parameterization of the Snow Field in a Cloud Model},
   journal = {Journal of Climate and Applied Meteorology},
   volume = {22},
   number = {6},
   pages = {1065-1092},
   DOI = {https://doi.org/10.1175/1520-0450(1983)022<1065:Bpotsf>2.0.Co;2},
   year = {1983},
   type = {Journal Article}
}

@article{lin2004aver,
   author = {Lin, Shian-Jiann},
   title = {A “Vertically Lagrangian” Finite-Volume Dynamical Core for Global Models},
   journal = {Monthly Weather Review},
   volume = {132},
   number = {10},
   pages = {2293-2307},
   DOI = {https://doi.org/10.1175/1520-0493(2004)132<2293:Avlfdc>2.0.Co;2},
   year = {2004},
   type = {Journal Article}
}

@article{lord1984role,
   author = {Lord, S. J. and Willoughby, H. E. and Piotrowicz, J. M.},
   title = {Role of a Parameterized Ice-Phase Microphysics in an Axisymmetric, Nonhydrostatic Tropical Cyclone Model},
   journal = {Journal of the Atmospheric Sciences},
   volume = {41},
   number = {19},
   pages = {2836-2848},
   DOI = {https://doi.org/10.1175/1520-0469(1984)041<2836:Roapip>2.0.Co;2},
   year = {1984},
   type = {Journal Article}
}

@article{luo2008arct,
   author = {Luo, Y. L. and Xu, K. M. and Morrison, H. and McFarquhar, G.},
   title = {Arctic mixed-phase clouds simulated by a cloud-resolving model: Comparison with ARM observations and sensitivity to microphysics parameterizations},
   journal = {Journal of the Atmospheric Sciences},
   volume = {65},
   number = {4},
   pages = {1285-1303},
   DOI = {https://doi.org/10.1175/2007jas2467.1},
   year = {2008},
   type = {Journal Article}
}

@article{martin1994them,
   author = {Martin, G. M. and Johnson, D. W. and Spice, A.},
   title = {The Measurement and Parameterization of Effective Radius of Droplets in Warm Stratocumulus Clouds},
   journal = {Journal of the Atmospheric Sciences},
   volume = {51},
   number = {13},
   pages = {1823-1842},
   DOI = {https://doi.org/10.1175/1520-0469(1994)051<1823:Tmapoe>2.0.Co;2},
   year = {1994},
   type = {Journal Article}
}

@article{meyers1992newp,
   author = {Meyers, Michael P. and DeMott, Paul J. and Cotton, William R.},
   title = {New Primary Ice-Nucleation Parameterizations in an Explicit Cloud Model},
   journal = {Journal of Applied Meteorology},
   volume = {31},
   number = {7},
   pages = {708-721},
   DOI = {https://doi.org/10.1175/1520-0450(1992)031<0708:Npinpi>2.0.Co;2},
   year = {1992},
   type = {Journal Article}
}

@article{milbrandt2010sedi,
   author = {Milbrandt, J. A. and McTaggart-Cowan, R.},
   title = {Sedimentation-Induced Errors in Bulk Microphysics Schemes},
   journal = {Journal of the Atmospheric Sciences},
   volume = {67},
   number = {12},
   pages = {3931-3948},
   DOI = {https://doi.org/10.1175/2010jas3541.1},
   year = {2010},
   type = {Journal Article}
}

@article{moore2011stru,
   author = {Moore, E. B. and Molinero, V.},
   title = {Structural transformation in supercooled water controls the crystallization rate of ice},
   journal = {Nature},
   volume = {479},
   number = {7374},
   pages = {506-8},
   DOI = {https://doi.org/10.1038/nature10586},
   year = {2011},
   type = {Journal Article}
}

@article{morrison2008anov,
   author = {Morrison, H. and Grabowski, W. W.},
   title = {A novel approach for representing ice microphysics in models: Description and tests using a kinematic framework},
   journal = {Journal of the Atmospheric Sciences},
   volume = {65},
   number = {5},
   pages = {1528-1548},
   DOI = {https://doi.org/10.1175/2007jas2491.1},
   year = {2008},
   type = {Journal Article}
}

@article{morrison2009impa,
   author = {Morrison, H. and Thompson, G. and Tatarskii, V.},
   title = {Impact of Cloud Microphysics on the Development of Trailing Stratiform Precipitation in a Simulated Squall Line: Comparison of One- and Two-Moment Schemes},
   journal = {Monthly Weather Review},
   volume = {137},
   number = {3},
   pages = {991-1007},
   DOI = {https://doi.org/10.1175/2008mwr2556.1},
   year = {2009},
   type = {Journal Article}
}

@article{molthan2012comp,
   author = {Molthan, A. L. and Colle, B. A.},
   title = {Comparisons of Single- and Double-Moment Microphysics Schemes in the Simulation of a Synoptic-Scale Snowfall Event},
   journal = {Monthly Weather Review},
   volume = {140},
   number = {9},
   pages = {2982-3002},
   DOI = {https://doi.org/10.1175/Mwr-D-11-00292.1},
   year = {2012},
   type = {Journal Article}
}

@article{nogherotto2016nume,
   author = {Nogherotto, R. and Tompkins, A. M. and Giuliani, G. and Coppola, E. and Giorgi, F.},
   title = {Numerical framework and performance of the new multiple-phase cloud microphysics scheme in RegCM4.5: precipitation, cloud microphysics, and cloud radiative effects},
   journal = {Geoscientific Model Development},
   volume = {9},
   number = {7},
   pages = {2533-2547},
   DOI = {https://doi.org/10.5194/gmd-9-2533-2016},
   year = {2016},
   type = {Journal Article}
}

@article{park2016arev,
   author = {Park, R. S. and Chae, J. H. and Hong, S. Y.},
   title = {A Revised Prognostic Cloud Fraction Scheme in a Global Forecasting System},
   journal = {Monthly Weather Review},
   volume = {144},
   number = {3},
   pages = {1219-1229},
   DOI = {https://doi.org/10.1175/Mwr-D-15-0273.1},
   year = {2016},
   type = {Journal Article}
}

@article{pauluis2006sens,
   author = {Pauluis, O. and Garner, S.},
   title = {Sensitivity of radiative-convective equilibrium simulations to horizontal resolution},
   journal = {Journal of the Atmospheric Sciences},
   volume = {63},
   number = {7},
   pages = {1910-1923},
   DOI = {https://doi.org/10.1175/Jas3705.1},
   year = {2006},
   type = {Journal Article}
}

@book{pruppacher2010micr,
   author = {Pruppacher, H. R. and Klett, J. D.},
   title = {Microphysics of Clouds and Precipitation},
   publisher = {Springer Netherlands},
   edition = {2},
   series = {Atmospheric and Oceanographic Sciences Library},
   pages = {XXII, 954},
   DOI = {https://doi.org/10.1007/978-0-306-48100-0},
   year = {2010},
   type = {Book}
}

@article{reisner1998expl,
   author = {Reisner, J. and Rasmussen, R. M. and Bruintjes, R. T.},
   title = {Explicit forecasting of supercooled liquid water in winter storms using the MM5 mesoscale model},
   journal = {Quarterly Journal of the Royal Meteorological Society},
   volume = {124},
   number = {548},
   pages = {1071-1107},
   DOI = {https://doi.org/10.1002/qj.49712454804},
   year = {1998},
   type = {Journal Article}
}

@book{rogers1989asho,
   author = {Rogers, R. R. and Yau, M. K.},
   title = {S Short Course in Cloud Physics},
   publisher = {Butterworth and Heinemann},
   address = {Oxford},
   edition = {Third Edition},
   year = {1989},
}

@article{rotstayn1997aphy,
   author = {Rotstayn, Leon D.},
   title = {A physically based scheme for the treatment of stratiform clouds and precipitation in large-scale models. I: Description and evaluation of the microphysical processes},
   journal = {Quarterly Journal of the Royal Meteorological Society},
   volume = {123},
   number = {541},
   pages = {1227-1282},
   DOI = {https://doi.org/10.1002/qj.49712354106},
   year = {1997},
   type = {Journal Article}
}

@article{rotstayn2000asch,
   author = {Rotstayn, L. D. and Ryan, B. F. and Katzfey, J. J.},
   title = {A scheme for calculation of the liquid fraction in mixed-phase stratiform clouds in large-scale models},
   journal = {Monthly Weather Review},
   volume = {128},
   number = {4},
   pages = {1070-1088},
   DOI = {https://doi.org/10.1175/1520-0493(2000)128<1070:Asfcot>2.0.Co;2},
   year = {2000},
   type = {Journal Article}
}

@article{rutledge1983them,
   author = {Rutledge, Steven A. and Hobbs, Peterv},
   title = {The Mesoscale and Microscale Structure and Organization of Clouds and Precipitation in Midlatitude Cyclones. VIII: A Model for the “Seeder-Feeder” Process in Warm-Frontal Rainbands},
   journal = {Journal of the Atmospheric Sciences},
   volume = {40},
   number = {5},
   pages = {1185-1206},
   DOI = {https://doi.org/10.1175/1520-0469(1983)040<1185:Tmamsa>2.0.Co;2},
   year = {1983},
   type = {Journal Article}
}

@article{rutledge1984them,
   author = {Rutledge, Steven A. and Hobbs, Peter V.},
   title = {The Mesoscale and Microscale Structure and Organization of Clouds and Precipitation in Midlatitude Cyclones. XII: A Diagnostic Modeling Study of Precipitation Development in Narrow Cold-Frontal Rainbands},
   journal = {Journal of the Atmospheric Sciences},
   volume = {41},
   number = {20},
   pages = {2949-2972},
   DOI = {https://doi.org/10.1175/1520-0469(1984)041<2949:Tmamsa>2.0.Co;2},
   year = {1984},
   type = {Journal Article}
}

@article{satoh2008nonh,
   author = {Satoh, M. and Matsuno, T. and Tomita, H. and Miura, H. and Nasuno, T. and Iga, S.},
   title = {Nonhydrostatic icosahedral atmospheric model (NICAM) for global cloud resolving simulations},
   journal = {Journal of Computational Physics},
   volume = {227},
   number = {7},
   pages = {3486-3514},
   DOI = {https://doi.org/10.1016/j.jcp.2007.02.006},
   year = {2008},
   type = {Journal Article}
}

@article{seifert2005atwo,
   author = {Seifert, A. and Beheng, K. D.},
   title = {A two-moment cloud microphysics parameterization for mixed-phase clouds. Part 1: Model description},
   journal = {Meteorology and Atmospheric Physics},
   volume = {92},
   number = {1-2},
   pages = {45-66},
   DOI = {https://doi.org/10.1007/s00703-005-0112-4},
   year = {2005},
   type = {Journal Article}
}

@article{smith1975rada,
   author = {Smith, P. L. and Myers, C. G. and Orville, H. D.},
   title = {Radar Reflectivity Factor Calculations in Numerical Cloud Models Using Bulk Parameterization of Precipitation},
   journal = {Journal of Applied Meteorology},
   volume = {14},
   number = {6},
   pages = {1156-1165},
   DOI = {https://doi.org/10.1175/1520-0450(1975)014<1156:Rrfcin>2.0.Co;2},
   year = {1975},
   type = {Journal Article}
}

@article{smithsonian1951smith,
   author = {Smithsonian, Institution and List, Robert J.},
   title = {Smithsonian meteorological tables},
   journal = {Smithsonian Miscellaneous Collections},
   volume = {114},
   number = {1},
   pages = {1-527},
   year = {1951},
   type = {Journal Article}
}

@article{srivastava1967astu,
   author = {Srivastava, R. C.},
   title = {A Study of the Effect of Precipitation on Cumulus Dynamics},
   journal = {Journal of the Atmospheric Sciences},
   volume = {24},
   number = {1},
   pages = {36-45},
   DOI = {https://doi.org/10.1175/1520-0469(1967)024<0036:Asoteo>2.0.Co;2},
   year = {1967},
   type = {Journal Article}
}

@article{stephens2012anup,
   author = {Stephens, G. L. and Li, J. L. and Wild, M. and Clayson, C. A. and Loeb, N. and Kato, S. and L'Ecuyer, T. and Stackhouse, P. W. and Lebsock, M. and Andrews, T.},
   title = {An update on Earth's energy balance in light of the latest global observations},
   journal = {Nature Geoscience},
   volume = {5},
   number = {10},
   pages = {691-696},
   DOI = {https://doi.org/10.1038/Ngeo1580},
   year = {2012},
   type = {Journal Article}
}

@book{stoelinga2005simu,
   author = {Stoelinga, Mark T.},
   title = {Simulated equivalent reflectivity factor as currently formulated in RIP: Description and possible improvements},
   year = {2005},
   type = {Book}
}

@book{straka2009clou,
   author = {Straka, Jerry M.},
   title = {Cloud and Precipitation Microphysics},
   publisher = {Cambridge University Press},
   address = {Cambridge},
   DOI = {https://doi.org/10.1017/cbo9780511581168},
   year = {2009},
   type = {Book}
}

@article{sun1999para,
   author = {Sun, Zhian and Rikus, Lawrie},
   title = {Parametrization of effective sizes of cirrus-cloud particles and its verification against observations},
   journal = {Quarterly Journal of the Royal Meteorological Society},
   volume = {125},
   number = {560},
   pages = {3037-3055},
   DOI = {https://doi.org/10.1002/qj.49712556012},
   year = {1999},
   type = {Journal Article}
}

@article{sun2001repl,
   author = {Sun, Zhian},
   title = {Reply to comments by Greg M. McFarquhar on ‘Parametrization of effective sizes of cirrus-cloud particles and its verification against observations’. (October B, 1999,125, 3037–3055)},
   journal = {Quarterly Journal of the Royal Meteorological Society},
   volume = {127},
   number = {571},
   pages = {267-271},
   DOI = {https://doi.org/10.1002/qj.49712757116},
   year = {2001},
   type = {Journal Article}
}

@article{swann1998sens,
   author = {Swann, H.},
   title = {Sensitivity to the representation of precipitating ice in CRM simulations of deep convection},
   journal = {Atmospheric Research},
   volume = {48},
   pages = {415-435},
   DOI = {https://doi.org/10.1016/S0169-8095(98)00050-7},
   year = {1998},
   type = {Journal Article}
}

@article{tao1993godd,
   author = {Tao, Wei-Kuo and Simpson, Joanne},
   title = {Goddard Cumulus Ensemble Model. PartI: Model Description},
   journal = {Terrestrial, Atmospheric and Oceanic Sciences},
   volume = {4},
   number = {1},
   pages = {35-71},
   DOI = {https://doi.org/10.3319/TAO.1993.4.1.35(A)},
   year = {1993},
   type = {Journal Article}
}

@article{thompson2004expl,
   author = {Thompson, G. and Rasmussen, R. M. and Manning, K.},
   title = {Explicit forecasts of winter precipitation using an improved bulk microphysics scheme. Part I: Description and sensitivity analysis},
   journal = {Monthly Weather Review},
   volume = {132},
   number = {2},
   pages = {519-542},
   DOI = {https://doi.org/10.1175/1520-0493(2004)132<0519:Efowpu>2.0.Co;2},
   year = {2004},
   type = {Journal Article}
}

@article{tong2005ense,
   author = {Tong, M. J. and Xue, M.},
   title = {Ensemble Kalman filter assimilation of Doppler radar data with a compressible nonhydrostatic model: OSS experiments},
   journal = {Monthly Weather Review},
   volume = {133},
   number = {7},
   pages = {1789-1807},
   DOI = {https://doi.org/10.1175/Mwr2898.1},
   year = {2005},
   type = {Journal Article}
}

@article{trenberth2009eart,
   author = {Trenberth, K. E. and Fasullo, J. T. and Kiehl, J.},
   title = {Earth's Global Energy Budget},
   journal = {Bulletin of the American Meteorological Society},
   volume = {90},
   number = {3},
   pages = {311-323},
   DOI = {https://doi.org/10.1175/2008bams2634.1},
   year = {2009},
   type = {Journal Article}
}

@article{vanweverberg2012sens,
   author = {Van Weverberg, Kwinten and Vogelmann, Andrew M. and Morrison, Hugh and Milbrandt, Jason A.},
   title = {Sensitivity of Idealized Squall-Line Simulations to the Level of Complexity Used in Two-Moment Bulk Microphysics Schemes},
   journal = {Monthly Weather Review},
   volume = {140},
   number = {6},
   pages = {1883-1907},
   DOI = {https://doi.org/10.1175/mwr-d-11-00120.1},
   year = {2012},
   type = {Journal Article}
}

@book{wallace1977atmo,
   author = {Wallace, John M. and Hobbs, Peter Victor},
   title = {Atmospheric science : an introductory survey},
   publisher = {Academic Press},
   address = {New York},
   pages = {xvii, 467 p.},
   year = {1977},
   type = {Book}
}

@article{walko1995newr,
   author = {Walko, R. L. and Cotton, W. R. and Meyers, M. P. and Harrington, J. Y.},
   title = {New RAMS cloud microphysics parameterization part I: the single-moment scheme},
   journal = {Atmospheric Research},
   volume = {38},
   number = {1-4},
   pages = {29-62},
   DOI = {https://doi.org/10.1016/0169-8095(94)00087-t},
   year = {1995},
   type = {Journal Article}
}

@article{wild2019thec,
   author = {Wild, M. and Hakuba, M. Z. and Folini, D. and Dorig-Ott, P. and Schar, C. and Kato, S. and Long, C. N.},
   title = {The cloud-free global energy balance and inferred cloud radiative effects: an assessment based on direct observations and climate models},
   journal = {Clim Dyn},
   volume = {52},
   number = {7},
   pages = {4787-4812},
   DOI = {https://doi.org/10.1007/s00382-018-4413-y},
   year = {2019},
   type = {Journal Article}
}

@article{wyser1998thee,
   author = {Wyser, K.},
   title = {The effective radius in ice clouds},
   journal = {Journal of Climate},
   volume = {11},
   number = {7},
   pages = {1793-1802},
   DOI = {https://doi.org/10.1175/1520-0442(1998)011<1793:Teriic>2.0.Co;2},
   year = {1998},
   type = {Journal Article}
}

@article{xu1996asem,
   author = {Xu, K. M. and Randall, D. A.},
   title = {A semiempirical cloudiness parameterization for use in climate models},
   journal = {Journal of the Atmospheric Sciences},
   volume = {53},
   number = {21},
   pages = {3084-3102},
   DOI = {https://doi.org/10.1175/1520-0469(1996)053<3084:Ascpfu>2.0.Co;2},
   year = {1996},
   type = {Journal Article}
}

@article{yau1979amod,
   author = {Yau, Man Kong and Austin, Pauline M.},
   title = {A Model for Hydrometer Growth and Evolution of Raindrop Size Spectra in Cumulus Cells},
   journal = {Journal of the Atmospheric Sciences},
   volume = {36},
   number = {4},
   pages = {655-668},
   DOI = {https://doi.org/10.1175/1520-0469(1979)036<0655:Amfhga>2.0.Co;2},
   year = {1979},
   type = {Journal Article}
}

@article{zhao2009simu,
   author = {Zhao, M. and Held, I. M. and Lin, S. J. and Vecchi, G. A.},
   title = {Simulations of Global Hurricane Climatology, Interannual Variability, and Response to Global Warming Using a 50-km Resolution GCM},
   journal = {Journal of Climate},
   volume = {22},
   number = {24},
   pages = {6653-6678},
   DOI = {https://doi.org/10.1175/2009jcli3049.1},
   year = {2009},
   type = {Journal Article}
}

@article{zhao1997apro,
   author = {Zhao, Q. Y. and Carr, F. H.},
   title = {A prognostic cloud scheme for operational NWP models},
   journal = {Monthly Weather Review},
   volume = {125},
   number = {8},
   pages = {1931-1953},
   DOI = {https://doi.org/10.1175/1520-0493(1997)125<1931:Apcsfo>2.0.Co;2},
   year = {1997},
   type = {Journal Article}
}

@article{zhou2015glob,
   author = {Zhou, Linjiong and Bao, Qing and Liu, Yimin and Wu, Guoxiong and Wang, Wei-Chyung and Wang, Xiaocong and He, Bian and Yu, Haiyang and Li, Jiandong},
   title = {Global energy and water balance: Characteristics from Finite-volume Atmospheric Model of the IAP/LASG (FAMIL1)},
   journal = {Journal of Advances in Modeling Earth Systems},
   volume = {7},
   number = {1},
   pages = {1-20},
   DOI = {https://doi.org/10.1002/2014ms000349},
   year = {2015},
   type = {Journal Article}
}

@article{zhou2019towa,
   author = {Zhou, Linjiong and Lin, Shian-Jiann and Chen, Jan-Huey and Harris, Lucas M. and Chen, Xi and Rees, Shannon L.},
   title = {Toward Convective-Scale Prediction within the Next Generation Global Prediction System},
   journal = {Bulletin of the American Meteorological Society},
   volume = {100},
   number = {7},
   pages = {1225-1243},
   DOI = {https://doi.org/10.1175/bams-d-17-0246.1},
   year = {2019},
   type = {Journal Article}
}

@article{zhou2022impr,
   author = {Zhou, Linjiong and Harris, Lucas and Chen, Jan-Huey and Gao, Kun and Guo, Huan and Xiang, Baoqiang and Tong, Mingjing and Huff, J. Jacob and Morin, Matthew},
   title = {Improving Global Weather Prediction in GFDL SHiELD Through an Upgraded GFDL Cloud Microphysics Scheme},
   journal = {Journal of Advances in Modeling Earth Systems},
   volume = {14},
   number = {7},
   pages = {e2021MS002971},
   DOI = {https://doi.org/10.1029/2021MS002971},
   year = {2022},
   type = {Journal Article}
}

